@BOOK{Luetjering2007,
AUTHOR = "Lütjering, G. and Williams, J.C.",
TITLE = "Titanium",
YEAR = 2007,
PUBLISHER = "Springer",
}
@BOOK{Siemers2017,
AUTHOR = "Carsten Siemers",
TITLE = " Titan und Titanlegierungen",
YEAR = 2007,
PUBLISHER = "Institut für Werkstoffe",
}
@BOOK{Leyens2002,
AUTHOR = "M. Peters and C. Leyens",
TITLE = "Titan und Titanlegierungen",
YEAR = 2002,
PUBLISHER = "WILEY VCH Verlag GmbH",
}

@TechReport{Sahoo2015,
title = "Effect of primary alpha phase variation on mechanical behaviour of Ti-6Al-4V",
year = 2015,
author = "R. Sahoo and B. B. Jha and T. K. Sahoo",	
}

@TechReport{Babu2008,
author = {Bijish Babu},
title = {Physically Based Model for Plasticity and Creep of Ti-6Al-4V},
institution = {Luleå University of  TechnologyDepartment of Applied Physics and Mechanical Engineering Division of  Material Mechanics},
year = {2008},

}
@TechReport{Werkstoffdesign2012,
author = "Werkstoffdesign TU Cottbus",
title = {Titan und Titanlegierungen},
institution = "TU Cottbus",
year = 2012,
}
@TechReport{Gilbert2004,
author = "Roger Gilbert and C. Richard Shannon",
title = {Heat Treating of Titanium and Titanium Alloys},
institution = "Teledyne Allvac",
year = 2004,
}
@TechReport{Chen2008,
Title = "Effect of heat treatment on mechanical properties of Ti-6Al-4V ELI alloy",
author = "B.D. Venkatesh and D.L. Chen and S.D. Bhole",
Year = 2008,
institution = "Department of Mechnical and Industrial Engineering, Ryerson University",
}

@TechReport{Pederson2002,
Title ="Microstructure and Phase Transformation of Ti-6Al-4V",
Author = "Robert Perderson",
year = 2002,
institution = "Department of Applied Physics and Mechanical Engerneering",
}
@TechReport{Semiatin2003,
Title ="Microstructure Evolution during Alpha-Beta Heat
Treatment of Ti-6Al-4V",
Year = 2003,
author = "S.L. Semiatin and S.L. Knisley and P.N. Fagin and F.Zhang and D.R. Barker",
}
@TechReport{Sieniawski2013,
Author =" J. Sieniawski and W. Ziaja and K. Kubiak and M. Motyka",
Year = 2013,
Title ="Microstructure and Mechanical Properties of High
Strength Two-Phase Titanium Alloys",
}